@phdthesis{mekonnen92,
    title={Zur Anwendung der Signalanalyse und Mustererkennung in der 
        Ger{\"a}uschdiagnose am Beispiel von elektro-mechanischen Systemen},
    author={Mekonnen, M.},
    year={1991},
    school={Technischen Hochschule Ilmenau, Fakult{\"a}t f{\"u}r Technische
        Wissenschaften}
}

@article{sensor15,
    author={Hannes Toepfer and Elena Chervakova and Marco Goetze and Tino Hutschenreuther and
        Bojana Nikoli{\'c} and Bojan Dimitijevi{\'c}},
    title={Application of Wireless Sensors Within a Traffic Monitoring System},
    journal={Telecommunications Forum Telfor (TELFOR), 2015 23rd},
    year={2015},
    pages={236--241}
}

@article{hills,
    author={Sing Yiu Cheung and Sinem Coleri and Baris Dundar and Sumitra Ganesh
        and Chin-Woo Tan and Pravin Varaiya},
    title={Traffic Measurement and Vehicle Classification with a Single Magnetic
        Sensor},
    journal={California PATH Working Paper},
    year={2004},
    month={September}
}

@book{pattern,
    author={Richard O. Duda and Peter E. Hart and David G. Stork},
    title={Pattern Classification},
    publisher={John Wiley \& Sons},
    year={2001},
    edition={Second}
}

@conference{saowaluck,
    author={Saowaluck Keawkamnerd and Jatuporn Chinrungruen and Chaipat Jaruchart},
    title={Vehicle Classification with Low Computation Magnetic Sensor},
    booktitle={2008 8th International Conference on ITS Telecommunications (ITST)},
    year={2008},
    pages={164--169}
}